% Encoding: UTF-8


%%%%%%%%%%%%%%%%%%%%%%%%%%%%%%%%%%%%%%%%%%%%%%%%%%%%%%%%%%
% References
%%%%%%%%%%%%%%%%%%%%%%%%%%%%%%%%%%%%%%%%%%%%%%%%%%%%%%%%%%

@online{cortex_a72,
    author    = "Arm Holdings (arm)",
    title     = "The Cortex-A72 processor specifications",
    url       = "https://developer.arm.com/Processors/Cortex-A72",
    keywords  = "armv8,cortex"
}

@Comment{jabref-meta: databaseType:biblatex;}
